% =============================================================================
% File di Bibliografia per CS Notes
% =============================================================================
% Questo è un file di esempio per la bibliografia in formato BibTeX.
% Aggiungi qui le tue referenze bibliografiche.
% =============================================================================

% =============================================================================
% LIBRI
% =============================================================================

@book{cormen2009introduction,
  title     = {Introduction to Algorithms},
  author    = {Cormen, Thomas H. and Leiserson, Charles E. and Rivest, Ronald L. and Stein, Clifford},
  year      = {2009},
  edition   = {3rd},
  publisher = {MIT Press},
  address   = {Cambridge, MA},
  isbn      = {978-0-262-03384-8}
}

@book{sedgewick2011algorithms,
  title     = {Algorithms},
  author    = {Sedgewick, Robert and Wayne, Kevin},
  year      = {2011},
  edition   = {4th},
  publisher = {Addison-Wesley Professional},
  isbn      = {978-0-321-57351-3}
}

@book{sipser2012introduction,
  title     = {Introduction to the Theory of Computation},
  author    = {Sipser, Michael},
  year      = {2012},
  edition   = {3rd},
  publisher = {Cengage Learning},
  isbn      = {978-1-133-18779-0}
}

@book{skiena2008algorithm,
  title     = {The Algorithm Design Manual},
  author    = {Skiena, Steven S.},
  year      = {2008},
  edition   = {2nd},
  publisher = {Springer},
  doi       = {10.1007/978-1-84800-070-4}
}

% =============================================================================
% ARTICOLI
% =============================================================================

@article{dijkstra1959note,
  title     = {A note on two problems in connexion with graphs},
  author    = {Dijkstra, Edsger W.},
  journal   = {Numerische Mathematik},
  volume    = {1},
  number    = {1},
  pages     = {269--271},
  year      = {1959},
  publisher = {Springer},
  doi       = {10.1007/BF01386390}
}

@article{floyd1962algorithm,
  title     = {Algorithm 97: Shortest path},
  author    = {Floyd, Robert W.},
  journal   = {Communications of the ACM},
  volume    = {5},
  number    = {6},
  pages     = {345},
  year      = {1962},
  publisher = {ACM},
  doi       = {10.1145/367766.368168}
}

@article{hoare1961algorithm,
  title     = {Algorithm 64: Quicksort},
  author    = {Hoare, Charles A. R.},
  journal   = {Communications of the ACM},
  volume    = {4},
  number    = {7},
  pages     = {321},
  year      = {1961},
  publisher = {ACM},
  doi       = {10.1145/366622.366644}
}

@article{tarjan1972depth,
  title     = {Depth-first search and linear graph algorithms},
  author    = {Tarjan, Robert},
  journal   = {SIAM Journal on Computing},
  volume    = {1},
  number    = {2},
  pages     = {146--160},
  year      = {1972},
  publisher = {SIAM},
  doi       = {10.1137/0201010}
}

% =============================================================================
% CONFERENCE PAPERS
% =============================================================================

@inproceedings{prim1957shortest,
  title        = {Shortest connection networks and some generalizations},
  author       = {Prim, Robert C.},
  booktitle    = {Bell System Technical Journal},
  volume       = {36},
  number       = {6},
  pages        = {1389--1401},
  year         = {1957},
  organization = {IEEE}
}

@inproceedings{kruskal1956shortest,
  title     = {On the shortest spanning subtree of a graph and the traveling salesman problem},
  author    = {Kruskal, Joseph B.},
  booktitle = {Proceedings of the American Mathematical Society},
  volume    = {7},
  number    = {1},
  pages     = {48--50},
  year      = {1956}
}

% =============================================================================
% RISORSE ONLINE
% =============================================================================

@online{cppreference,
  title  = {C++ Reference},
  author = {{cppreference.com}},
  url    = {https://en.cppreference.com/},
  year   = {2024},
  note   = {Accessed: 2025-10-07}
}

@online{pythondocs,
  title  = {Python Documentation},
  author = {{Python Software Foundation}},
  url    = {https://docs.python.org/3/},
  year   = {2024},
  note   = {Accessed: 2025-10-07}
}

@online{leetcode,
  title  = {LeetCode - Online Programming Learning Platform},
  author = {{LeetCode}},
  url    = {https://leetcode.com/},
  year   = {2024},
  note   = {Accessed: 2025-10-07}
}

% =============================================================================
% TESI E DISSERTAZIONI
% =============================================================================

@phdthesis{knuth1968art,
  title  = {The Art of Computer Programming},
  author = {Knuth, Donald E.},
  year   = {1968},
  school = {California Institute of Technology}
}

% =============================================================================
% MANUALI E TECHNICAL REPORTS
% =============================================================================

@techreport{stroustrup1986cpp,
  title       = {The C++ Programming Language},
  author      = {Stroustrup, Bjarne},
  year        = {1986},
  institution = {AT\&T Bell Laboratories}
}

@manual{ieee754,
  title        = {IEEE Standard for Floating-Point Arithmetic},
  organization = {IEEE},
  number       = {754-2019},
  year         = {2019},
  doi          = {10.1109/IEEESTD.2019.8766229}
}

% =============================================================================
% ESEMPI DI CITAZIONI NEL TESTO
% =============================================================================
% 
% Per citare nel testo LaTeX usa uno di questi comandi:
% 
% \cite{cormen2009introduction}           → [1]
% \citep{cormen2009introduction}          → (Cormen et al., 2009)
% \citet{cormen2009introduction}          → Cormen et al. (2009)
% \cite[p.~42]{cormen2009introduction}    → [1, p. 42]
% \cite{cormen2009introduction,sipser2012introduction} → [1, 2]
%
% =============================================================================
